<?xml version="1.0" encoding="utf-8"?>
<record xmlns="http://www.loc.gov/MARC21/slim" xmlns:xsi="http://www.w3.org/2001/XMLSchema-instance" xsi:schemaLocation="http://www.loc.gov/MARC21/slim http://www.loc.gov/standards/marcxml/schema/MARC21slim.xsd">
	<leader>     nam a22     Mi 4500</leader>
	<controlfield tag="001">b13112223</controlfield>
	<controlfield tag="003">UaCaAUL</controlfield>
	<controlfield tag="006">m        d        </controlfield>
	<controlfield tag="007">cr cn |||m|||a</controlfield>
	<controlfield tag="008">191001s1906    ua      od    000 0 araod</controlfield>
	<datafield ind1=" " ind2=" " tag="040">
		<subfield code="a">ZYU</subfield>
		<subfield code="b">ara</subfield>
		<subfield code="e">rda</subfield>
		<subfield code="c">ZYU</subfield>
	</datafield>
	<datafield ind1=" " ind2="4" tag="050">
		<subfield code="a">PJ6031</subfield>
		<subfield code="b">.Q24 1906x</subfield>
	</datafield>
	<datafield ind1="1" ind2=" " tag="100">
		<subfield code="6">880-01</subfield>
		<subfield code="a">Qālī, Abū ʻAlī Ismāʻīl ibn al-Qāsim,</subfield>
		<subfield code="d">901?-967.</subfield>
	</datafield>
	<datafield ind1="1" ind2="0" tag="240">
		<subfield code="6">880-02</subfield>
		<subfield code="a">Amālī</subfield>
	</datafield>
	<datafield ind1="1" ind2="3" tag="245">
		<subfield code="6">880-03</subfield>
		<subfield code="a">al-Juzʼ al-awwal[-al-thānī] min kitāb al-amālī :</subfield>
		<subfield code="b">fī lughat al-ʻArab /</subfield>
		<subfield code="c">taʼlīf al-imām al-kabīr al-lughawī al-naḥwī al-shahīr Abī ʻAlī Ismaʻīl ibn al-Qāsim al-Qālī al-Baghdādī, nafaʻa Allāh bihi āmīn. Wa-yatlūhu in shāʼa Allāh taʻālá al-kitāb al-musammá Dhayl al-amālī wa-al-nawādir, lil-muʼallif al-madhkūr.</subfield>
	</datafield>
	<datafield ind1="3" ind2="0" tag="246">
		<subfield code="6">880-04</subfield>
		<subfield code="a">Kitāb al-amālī</subfield>
	</datafield>
	<datafield ind1=" " ind2=" " tag="250">
		<subfield code="6">880-05</subfield>
		<subfield code="a">al-Ṭabʻah al-ūlá.</subfield>
	</datafield>
	<datafield ind1=" " ind2="1" tag="264">
		<subfield code="a">Būlāq Miṣr, [Cairo] :</subfield>
		<subfield code="b">Al-Maṭbaʻah al-Kubrá al-Amīrīyahbi-Būlāq Miṣr al-mḥmīyah,</subfield>
		<subfield code="c">1324 Hijrīyah [1906]</subfield>
	</datafield>
	<datafield ind1=" " ind2=" " tag="300">
		<subfield code="a">online resource (3 volumes in 1)</subfield>
	</datafield>
	<datafield ind1=" " ind2=" " tag="336">
		<subfield code="a">text</subfield>
		<subfield code="2">rdacontent</subfield>
	</datafield>
	<datafield ind1=" " ind2=" " tag="337">
		<subfield code="a">computer</subfield>
		<subfield code="2">rdamedia</subfield>
	</datafield>
	<datafield ind1=" " ind2=" " tag="338">
		<subfield code="a">online resource</subfield>
		<subfield code="2">rdacarrier</subfield>
	</datafield>
	<datafield ind1=" " ind2=" " tag="500">
		<subfield code="6">880-06</subfield>
		<subfield code="a">The first two volumes comprise: Kitāb al-amālī ; the third part: Dhayl al-amālī wa-al-nawādir.</subfield>
	</datafield>
	<datafield ind1=" " ind2=" " tag="500">
		<subfield code="a">On the titlepage: biographical note on the author taken from Ibn Khaldūn.</subfield>
	</datafield>
	<datafield ind1=" " ind2=" " tag="500">
		<subfield code="6">880-07</subfield>
		<subfield code="a">Ṭubiʻa ʻalá nafaqat al-shaykh Ismaʻīl Ibn Yūsuf Ibn Ṣāliḥ Ibn Diyāb al-Tūnisī bi-Miṣr.</subfield>
	</datafield>
	<datafield ind1=" " ind2=" " tag="500">
		<subfield code="6">880-08</subfield>
		<subfield code="a">Tanbīh: Lā yajūz li-aḥad an yaṭbaʻ kitāb al-Amālī min hādhihi al-nuskhah wa-kull man yaṭbaʻahā yakūn mukallafan bi-ibrāz aṣl qadīm yuthbit annahu ṭabaʻa minhu wa-ilā yakūn masʼul ʻan al-taʻwīḍ qānūnan wa-qadd sujjilat hādhihi al-nuskhah bi-al-Maḥkamah al-Mukhtalaṭah bi-Miṣr, Ismaʻīl Ibn Yūsuf Ibn Diyāb.</subfield>
	</datafield>
	<datafield ind1=" " ind2=" " tag="500">
		<subfield code="a">Part of the Arabic Collections Online (ACO) project, contributed by American University in Cairo Library.</subfield>
	</datafield>
	<datafield ind1=" " ind2=" " tag="533">
		<subfield code="a">Electronic reproduction.</subfield>
		<subfield code="b">New York, N.Y. :</subfield>
		<subfield code="c">New York University,</subfield>
		<subfield code="d">2019.</subfield>
		<subfield code="5">NNU</subfield>
	</datafield>
	<datafield ind1=" " ind2="0" tag="650">
		<subfield code="a">Arabic philology.</subfield>
	</datafield>
	<datafield ind1=" " ind2="7" tag="650">
		<subfield code="a">Arabic philology.</subfield>
		<subfield code="2">fast</subfield>
		<subfield code="0">(OCoLC)fst00812526</subfield>
	</datafield>
	<datafield ind1=" " ind2="7" tag="655">
		<subfield code="a">Dictionaries.</subfield>
		<subfield code="2">fast</subfield>
		<subfield code="0">(OCoLC)fst01423826</subfield>
	</datafield>
	<datafield ind1="1" ind2="2" tag="700">
		<subfield code="6">880-09</subfield>
		<subfield code="a">Qālī, Abū ʻAlī Ismāʻīl ibn al-Qāsim,</subfield>
		<subfield code="d">901?-967?</subfield>
		<subfield code="t">Amālī.</subfield>
	</datafield>
	<datafield ind1="2" ind2=" " tag="710">
		<subfield code="a">American University in Cairo.</subfield>
		<subfield code="b">Library.</subfield>
	</datafield>
	<datafield ind1="0" ind2=" " tag="730">
		<subfield code="a">Arabic Collections Online.</subfield>
	</datafield>
	<datafield ind1="0" ind2="8" tag="776">
		<subfield code="i">Online version:</subfield>
		<subfield code="a">Qālī, Abū ʻAlī Ismāʻīl ibn al-Qāsim, 901?-967?</subfield>
		<subfield code="s">Amālī</subfield>
		<subfield code="t">Kitāb al-amālī</subfield>
		<subfield code="b">al-Ṭabʻah 1.</subfield>
		<subfield code="d">Būlāq Miṣr [Cairo] : Al-Maṭbaʻah al-Kubrá al-Amīrīyah, 1324 [1906]</subfield>
		<subfield code="w">(OCoLC)931658145</subfield>
	</datafield>
	<datafield ind1="0" ind2="8" tag="776">
		<subfield code="i">Print version:</subfield>
		<subfield code="a">Qālī, Abū ʻAlī Ismāʻīl ibn al-Qāsim, 901?-967.</subfield>
		<subfield code="t">al-Juzʼ al-awwal[-al-thānī] min kitāb al-amālī</subfield>
		<subfield code="w">(UaCaAUL)b13112223</subfield>
		<subfield code="w">(OCoLC)22968212</subfield>
	</datafield>
	<datafield ind1="4" ind2="0" tag="856">
		<subfield code="u">http://hdl.handle.net/2333.1/bcc2g0tq</subfield>
	</datafield>
	<datafield ind1="1" ind2=" " tag="880">
		<subfield code="6">100-01</subfield>
		<subfield code="a">قالي، أبو علي اسماعيل بن القاسم.</subfield>
	</datafield>
	<datafield ind1="1" ind2="0" tag="880">
		<subfield code="6">240-02</subfield>
		<subfield code="a">أمالي</subfield>
	</datafield>
	<datafield ind1="1" ind2="2" tag="880">
		<subfield code="6">245-03</subfield>
		<subfield code="a">الجزء الأول[-الثاني] من كتاب الأمالي :</subfield>
		<subfield code="b">في لغة العرب /</subfield>
		<subfield code="c">تأليف الامام الكبير اللغوي النحوي الشهير ابي علي اسمعيل بن القاسم القالي البغدادي، نفع الله به آمين. ويتلوه ان شاء الله تعالى الكتاب المسمى ذيل الامالي والنوادر، للمؤلف المذكور.</subfield>
	</datafield>
	<datafield ind1="3" ind2="0" tag="880">
		<subfield code="6">246-04</subfield>
		<subfield code="a">كتاب الامالي</subfield>
	</datafield>
	<datafield ind1=" " ind2=" " tag="880">
		<subfield code="6">250-05</subfield>
		<subfield code="a">الطبعة الأولى.</subfield>
	</datafield>
	<datafield ind1=" " ind2=" " tag="880">
		<subfield code="6">260-00</subfield>
		<subfield code="a">بولاق :</subfield>
		<subfield code="b">المطبعة الكبرى الأميرية،</subfield>
		<subfield code="c">١٣٢٤.</subfield>
	</datafield>
	<datafield ind1=" " ind2=" " tag="880">
		<subfield code="6">500-06</subfield>
		<subfield code="a">The first two volumes comprise: كتاب الأمالي ؛ the third part: ذيل الأمالي والنوادر.</subfield>
	</datafield>
	<datafield ind1=" " ind2=" " tag="880">
		<subfield code="6">500-07</subfield>
		<subfield code="a">طبع على نفقة الشيخ اسمعيل بن يوسف بن صالح بن دياب التونسي بمصر.</subfield>
	</datafield>
	<datafield ind1=" " ind2=" " tag="880">
		<subfield code="6">500-08</subfield>
		<subfield code="a">تنبيه: لا يجوز لأحد أن يطبع كتاب الأمالي من هذه النسخة وكل من يطبعها يكون مكلفا بابراز أصل قديم يثبت أنه طبع منه والا يكون مسؤلا عن التعويض قانونا وقد سجلت هذه النسخة بالمحكمة المختلطة بمصر، اسمعيل بن يوسف بن دياب.</subfield>
	</datafield>
	<datafield ind1="1" ind2="2" tag="880">
		<subfield code="6">700-09</subfield>
		<subfield code="a">قالي، أبو علي اسماعيل بن القاسم،</subfield>
		<subfield code="d">901؟-967؟</subfield>
		<subfield code="t">أمالي.</subfield>
	</datafield>
	<datafield ind1=" " ind2=" " tag="959">
		<subfield code="a">NNU</subfield>
		<subfield code="b">WEB</subfield>
		<subfield code="c">GENI</subfield>
		<subfield code="t">0</subfield>
		<subfield code="m">Electronic access</subfield>
		<subfield code="s">01</subfield>
	</datafield>
	<datafield ind1=" " ind2=" " tag="999">
		<subfield code="i">UaCaAUL_b13112223</subfield>
		<subfield code="o">(OCoLC)ocm22968212 </subfield>
		<subfield code="s">auc_aco000896:</subfield>
		<subfield code="e">(ERROR-880)</subfield>
	</datafield>
</record>
